  %
%  An example of a bibliographical database for bibTeX
%
%  Recommended software for maintenance of *.bib files:
%    JabRef, http://jabref.sourceforge.net/
%
%  BEWARE:
%
%    *  If a name contains a capital letter, which must be kept such,
%       use curly brackets ({T}hailand, {HIV}).
%
%  ===========================================================================
@BOOK{Book1,
  Author = {A},
  Title = {D},
  Publisher = {M},
  Year = {2010},
  ISBN = {978-0-07-352332-3},
  URL = {https://www.amazon.com/Database-Concepts-Abraham-Silberschatz-Professor/dp/0073523321?SubscriptionId=AKIAIOBINVZYXZQZ2U3A&tag=chimbori05-20&linkCode=xm2&camp=2025&creative=165953&creativeASIN=0073523321}
}